@online{planeassets,
	title = {Super Spitfire},
	url = {https://assetstore.unity.com/packages/3d/vehicles/air/super-spitfire-53217},
}
@online{carassets,
	title = {Low-poly Civilian vehicle 5},
	url = {https://assetstore.unity.com/packages/3d/vehicles/land/low-poly-civilian-vehicle-5-124987},
}
@online{hotairballoonassets,
	title = {Hot Air Balloon 3D Model},
	url = {https://free3d.com/zh/3d-model/hot-air-balloon-54348.html},
}
@online{googlevrsdk,
	title = {Google VR SDK for Unity v1.190.1},
	url = {https://github.com/googlevr/gvr-unity-sdk/releases},
}
@online{kajamansroadsassets,
	title = {Kajaman's Road - Free},
	url = {https://assetstore.unity.com/packages/3d/environments/roadways/kajaman-s-roads-free-52628},
}
@online{japanlampassets,
	title = {Japanese Street Lamp},
	url = {https://assetstore.unity.com/packages/3d/props/exterior/japanese-street-lamp-68184},
}
@online{vuforiagpd,
	title = {Vuforia Ground Plane User Guide},
	url = {https://library.vuforia.com/content/vuforia-library/en/articles/Training/ground-plane-guide.html}
}
@online{arshadow,
	title = {Simple AR Light and Shadow Receivers - Shaders - Unity3d - Unity},
	url = {https://www.youtube.com/watch?v=KTWZRoVESn8}
}