@online{foodassets,
	title = {Food and Grocery Items - Low Poly},
	url = {https://assetstore.unity.com/packages/3d/props/food/food-grocery-items-low-poly-75494},
}
@online{houseassets,
	title = {Mega Fantasy Props Pack},
	url = {https://assetstore.unity.com/packages/3d/environments/fantasy/mega-fantasy-props-pack-87811},
}
@online{shelfassets,
	title = {Toy Gun with shop sheaves 3D model},
	url = {https://www.turbosquid.com/FullPreview/Index.cfm/ID/1212723},
}
@online{googlevrsdk,
	title = {Google VR SDK for Unity v1.190.1},
	url = {https://github.com/googlevr/gvr-unity-sdk/releases},
}
@online{minimaptutorial,
	title = {[Tutorial] Implementing a Minimap in Unity},
	url = {https://blog.theknightsofunity.com/implementing-minimap-unity/},
}
@online{gazeinteractiontutorial,
	title = {Unity VR Tutorial - Gaze Timer Interaction + Teleport},
	url = {https://www.youtube.com/watch?v=bmMaVTV8UqY},
}
